@misc{yjs-no-date,
	author = {Yjs},
	title = {{GitHub - yjs/yjs: Shared data types for building collaborative software}},
	url = {https://github.com/yjs/yjs?tab=readme-ov-file#Yjs-CRDT-Algorithm},
}

@misc{jahns-2020,
	author = {Jahns, Kevin},
	month = {12},
	title = {{Are CRDTs suitable for shared editing?}},
	year = {2020},
	url = {https://blog.kevinjahns.de/are-crdts-suitable-for-shared-editing/},
}

@misc{unknown-author-no-date,
	title = {{BlockSuite | Content Editing Tech Stack}},
	url = {https://block-suite.com/},
}